<record><leader>00000cas a22000007a 4500</leader><controlfield tag="001">11831360</controlfield><controlfield tag="008">850321c19769999wiuwr ne      0   a0eng d</controlfield><datafield ind1=" " ind2=" " tag="010"><subfield code="a">sn 85040357 </subfield></datafield><datafield ind1=" " ind2=" " tag="040"><subfield code="a">NPV</subfield><subfield code="b">eng</subfield><subfield code="c">NPV</subfield><subfield code="d">NSD</subfield><subfield code="d">OCLCQ</subfield></datafield><datafield ind1=" " ind2=" " tag="012"><subfield code="m">1</subfield></datafield><datafield ind1="1" ind2=" " tag="022"><subfield code="a">1064-2102</subfield><subfield code="l">1064-2102</subfield><subfield code="2">1</subfield></datafield><datafield ind1=" " ind2=" " tag="032"><subfield code="a">392890</subfield><subfield code="b">USPS</subfield></datafield><datafield ind1=" " ind2=" " tag="037"><subfield code="b">Sussex Sun, POB 285, Sussex, WI 53029</subfield></datafield><datafield ind1=" " ind2=" " tag="042"><subfield code="a">msc</subfield><subfield code="a">nsdp</subfield></datafield><datafield ind1=" " ind2=" " tag="043"><subfield code="a">n-us-wi</subfield></datafield><datafield ind1=" " ind2=" " tag="045"><subfield code="a">x7--</subfield></datafield><datafield ind1=" " ind2=" " tag="052"><subfield code="a">4123</subfield><subfield code="b">W5</subfield></datafield><datafield ind1=" " ind2="0" tag="222"><subfield code="a">Sussex sun</subfield></datafield><datafield ind1="0" ind2="0" tag="245"><subfield code="a">Sussex sun.</subfield></datafield><datafield ind1=" " ind2=" " tag="260"><subfield code="a">[Sussex, Wis. :</subfield><subfield code="b">s.n.]</subfield></datafield><datafield ind1=" " ind2=" " tag="300"><subfield code="a">v. :</subfield><subfield code="b">ill.</subfield></datafield><datafield ind1=" " ind2=" " tag="310"><subfield code="a">Weekly</subfield></datafield><datafield ind1="1" ind2=" " tag="362"><subfield code="a">Began in 1976? 1977?</subfield></datafield><datafield ind1=" " ind2=" " tag="500"><subfield code="a">Publisher: Jim McLoone, Nov. 1, 1977- ; published: Hartland, WI : Lake Country Publications, &lt;June 9, 1992-&gt;</subfield></datafield><datafield ind1=" " ind2=" " tag="515"><subfield code="a">Numbering begins with Vol. 2, no. 9 (Nov. 28, 1978).</subfield></datafield><datafield ind1=" " ind2=" " tag="525"><subfield code="a">Supplements accompany some issues.</subfield></datafield><datafield ind1=" " ind2=" " tag="530"><subfield code="a">Available on microfilm from The State Historical Society of Wisconsin.</subfield></datafield><datafield ind1=" " ind2=" " tag="588"><subfield code="a">Description based on: Jan. 4, 1977.</subfield></datafield><datafield ind1=" " ind2=" " tag="588"><subfield code="a">Latest issue consulted: Vol. 12, no. 27 (June 1992).</subfield></datafield><datafield ind1=" " ind2=" " tag="752"><subfield code="a">United States</subfield><subfield code="b">Wisconsin</subfield><subfield code="c">Waukesha</subfield><subfield code="d">Hartland.</subfield></datafield><datafield ind1=" " ind2=" " tag="752"><subfield code="a">United States</subfield><subfield code="b">Wisconsin</subfield><subfield code="c">Waukesha</subfield><subfield code="d">Sussex.</subfield></datafield></record>